@article{https://doi.org/10.1002/aic.17037,
author = {Dufty, James and Wrighton, Jeffrey and Luo, Kai},
title = {Retracted: Local pressure for inhomogeneous fluids},
journal = {AIChE Journal},
volume = {67},
number = {3},
pages = {e17037},
doi = {https://doi.org/10.1002/aic.17037},
url = {https://aiche.onlinelibrary.wiley.com/doi/abs/10.1002/aic.17037},
eprint = {https://aiche.onlinelibrary.wiley.com/doi/pdf/10.1002/aic.17037},
abstract = {Abstract Definitions for a local pressure in an inhomogeneous fluid are considered for both equilibrium and local equilibrium states. Thermodynamic and mechanical (hydrodynamic) contexts are reconciled. Remaining problems and uncertainties are discussed.},
year = {2021}
}
