@article{PhysRevE.98.033203,
  title = {Density response from kinetic theory and time-dependent density-functional theory for matter under extreme conditions},
  author = {Dufty, James and Luo, Kai and Trickey, S. B.},
  journal = {Phys. Rev. E},
  volume = {98},
  issue = {3},
  pages = {033203},
  numpages = {8},
  year = {2018},
  month = {Sep},
  publisher = {American Physical Society},
  doi = {10.1103/PhysRevE.98.033203},
  url = {https://link.aps.org/doi/10.1103/PhysRevE.98.033203}
}

