@article{PhysRevResearch.2.023036,
  title = {Generalized hydrodynamics revisited},
  author = {Dufty, James and Luo, Kai and Wrighton, Jeffrey},
  journal = {Phys. Rev. Res.},
  volume = {2},
  issue = {2},
  pages = {023036},
  numpages = {19},
  year = {2020},
  month = {Apr},
  publisher = {American Physical Society},
  doi = {10.1103/PhysRevResearch.2.023036},
  url = {https://link.aps.org/doi/10.1103/PhysRevResearch.2.023036}
}
