@article{PhysRevLett.114.183002,
  title = {Time-Resolved Spectroscopy in Time-Dependent Density Functional Theory: An Exact Condition},
  author = {Fuks, Johanna I. and Luo, Kai and Sandoval, Ernesto D. and Maitra, Neepa T.},
  journal = {Phys. Rev. Lett.},
  volume = {114},
  issue = {18},
  pages = {183002},
  numpages = {6},
  year = {2015},
  month = {May},
  publisher = {American Physical Society},
  doi = {10.1103/PhysRevLett.114.183002},
  url = {https://link.aps.org/doi/10.1103/PhysRevLett.114.183002}
}

