







@article{doi:10.1021/acs.jctc.4c00532,
author = {Wang, Tingwei and Luo, Kai and Lu, Ruifeng},
title = {Semilocal Kinetic Energy Density Functionals on Atoms and Diatoms},
journal = {Journal of Chemical Theory and Computation},
volume = {20},
number = {12},
pages = {5176-5187},
year = {2024},
doi = {10.1021/acs.jctc.4c00532},
    note ={PMID: 38861421},

URL = { 
    
        https://doi.org/10.1021/acs.jctc.4c00532
    
    

},
eprint = { 
    
        https://doi.org/10.1021/acs.jctc.4c00532
    
    

}

}


