
@article{ WOS:000427386500029,
Author = {Luo, Kai and Trickey, S. B.},
Title = {Trivial constraints on orbital-free kinetic energy density functionals},
Journal = {CHEMICAL PHYSICS LETTERS},
Year = {2018},
Volume = {695},
Pages = {190-193},
Month = {MAR},
DOI = {10.1016/j.cplett.2018.02.002},
ISSN = {0009-2614},
EISSN = {1873-4448},
ResearcherID-Numbers = {Luo, Kai/O-3048-2018
   },
ORCID-Numbers = {Luo, Kai/0000-0002-3802-0029
   Trickey, S.B./0000-0001-9224-6304},
Unique-ID = {WOS:000427386500029},
}
﻿
@article{ WOS:000428386800010,
Author = {Dufty, James and Wrighton, Jeffrey and Luo, Kai and Trickey, S. B.},
Title = {On the Kubo-Greenwood model for electron conductivity},
Journal = {CONTRIBUTIONS TO PLASMA PHYSICS},
Year = {2018},
Volume = {58},
Number = {2-3, SI},
Pages = {150-154},
Month = {FEB-MAR},
Note = {International Conference on Strongly Coupled Coulomb Systems (SCCS),
   Kiel, GERMANY, JUL 30-AUG 04, 2017},
DOI = {10.1002/ctpp.201700102},
ISSN = {0863-1042},
EISSN = {1521-3986},
ResearcherID-Numbers = {Luo, Kai/O-3048-2018
   },
ORCID-Numbers = {Luo, Kai/0000-0002-3802-0029
   Trickey, S.B./0000-0001-9224-6304},
Unique-ID = {WOS:000428386800010},
}
﻿
@article{ WOS:000381679800003,
Author = {Luo, Kai and Fuks, Johanna I. and Maitra, Neepa T.},
Title = {Studies of spuriously shifting resonances in time-dependent density
   functional theory},
Journal = {JOURNAL OF CHEMICAL PHYSICS},
Year = {2016},
Volume = {145},
Number = {4},
Month = {JUL 28},
DOI = {10.1063/1.4955447},
Article-Number = {044101},
ISSN = {0021-9606},
EISSN = {1089-7690},
ResearcherID-Numbers = {Luo, Kai/O-3048-2018},
ORCID-Numbers = {Luo, Kai/0000-0002-3802-0029},
Unique-ID = {WOS:000381679800003},
}
﻿
@article{ WOS:000353884900001,
Author = {Fuks, Johanna I. and Luo, Kai and Sandoval, Ernesto D. and Maitra, Neepa
   T.},
Title = {Time-Resolved Spectroscopy in Time-Dependent Density Functional Theory:
   An Exact Condition},
Journal = {PHYSICAL REVIEW LETTERS},
Year = {2015},
Volume = {114},
Number = {18},
Month = {MAY 5},
DOI = {10.1103/PhysRevLett.114.183002},
Article-Number = {183002},
ISSN = {0031-9007},
EISSN = {1079-7114},
ResearcherID-Numbers = {Luo, Kai/O-3048-2018},
ORCID-Numbers = {Luo, Kai/0000-0002-3802-0029},
Unique-ID = {WOS:000353884900001},
}
﻿
@article{ WOS:000336782700018,
Author = {Luo, Kai and Fuks, Johanna I. and Sandoval, Ernesto D. and Elliott,
   Peter and Maitra, Neepa T.},
Title = {Kinetic and interaction components of the exact time-dependent
   correlation potential},
Journal = {JOURNAL OF CHEMICAL PHYSICS},
Year = {2014},
Volume = {140},
Number = {18},
Month = {MAY 14},
DOI = {10.1063/1.4867002},
Article-Number = {18A515},
ISSN = {0021-9606},
EISSN = {1089-7690},
ResearcherID-Numbers = {Elliott, Peter/E-4516-2013
   Luo, Kai/O-3048-2018},
ORCID-Numbers = {Elliott, Peter/0000-0002-1572-3872
   Luo, Kai/0000-0002-3802-0029},
Unique-ID = {WOS:000336782700018},
}
﻿
@article{ WOS:000326077000006,
Author = {Luo, Kai and Elliott, Peter and Maitra, Neepa T.},
Title = {Absence of dynamical steps in the exact correlation potential in the
   linear response regime},
Journal = {PHYSICAL REVIEW A},
Year = {2013},
Volume = {88},
Number = {4},
Month = {OCT 17},
DOI = {10.1103/PhysRevA.88.042508},
Article-Number = {042508},
ISSN = {1050-2947},
EISSN = {1094-1622},
ResearcherID-Numbers = {Luo, Kai/O-3048-2018
   Elliott, Peter/E-4516-2013},
ORCID-Numbers = {Luo, Kai/0000-0002-3802-0029
   Elliott, Peter/0000-0002-1572-3872},
Unique-ID = {WOS:000326077000006},
}
﻿
@article{ WOS:000925855000002,
Author = {Luo, Kai and Lu, Ruifeng and Cohen, R. E.},
Title = {First-principles thermal equation of state of fcc iridium},
Journal = {PHYSICAL REVIEW B},
Year = {2023},
Volume = {107},
Number = {1},
Month = {JAN 1},
DOI = {10.1103/PhysRevB.107.014106},
Article-Number = {014106},
ISSN = {2469-9950},
EISSN = {2469-9969},
ResearcherID-Numbers = {Luo, Kai/O-3048-2018},
ORCID-Numbers = {Luo, Kai/0000-0002-3802-0029},
Unique-ID = {WOS:000925855000002},
}
﻿
@article{ WOS:000838706400010,
Author = {Jiang, Yucheng and He, Anpeng and Luo, Kai and Zhang, Jinlei and Liu,
   Guozhen and Zhao, Run and Zhang, Qing and Wang, Zhuo and Zhao, Chen and
   Wang, Lin and Qi, Yaping and Gao, Ju and Loh, Kian Ping and Wee, Andrew
   T. S. and Qiu, Cheng-Wei},
Title = {Giant bipolar unidirectional photomagnetoresistance},
Journal = {PROCEEDINGS OF THE NATIONAL ACADEMY OF SCIENCES OF THE UNITED STATES OF
   AMERICA},
Year = {2022},
Volume = {119},
Number = {27},
Month = {JUL 5},
DOI = {10.1073/pnas.2115939119},
Article-Number = {e2115939119},
ISSN = {0027-8424},
EISSN = {1091-6490},
ResearcherID-Numbers = {Loh, Kian Ping/M-3122-2016
   Qiu, Cheng-Wei/AAI-6274-2021
   jiang, yu/HGU-0029-2022
   Qi, Yaping/JNR-1620-2023
   Wee, Andrew Thye Shen/B-6624-2009
   wang, David/KFR-2555-2024
   Luo, Kai/O-3048-2018
   },
ORCID-Numbers = {Loh, Kian Ping/0000-0002-1491-743X
   Qiu, Cheng-Wei/0000-0002-6605-500X
   Qi, Yaping/0000-0002-0367-3695
   Luo, Kai/0000-0002-3802-0029
   he, anpeng/0000-0002-0836-3688},
Unique-ID = {WOS:000838706400010},
}
﻿
@article{ WOS:000766924200004,
Author = {Dutta, Rajkrishna and Tracy, Sally June and Cohen, R. E. and Miozzi,
   Francesca and Luo, Kai and Yang, Jing and Burnley, Pamela C. and Smith,
   Dean and Meng, Yue and Chariton, Stella and Prakapenka, Vitali B. and
   Duffy, Thomas S.},
Title = {Ultrahigh-pressure disordered eight-coordinated phase of
   Mg<sub>2</sub>GeO<sub>4</sub>: Analogue for super-Earth mantles},
Journal = {PROCEEDINGS OF THE NATIONAL ACADEMY OF SCIENCES OF THE UNITED STATES OF
   AMERICA},
Year = {2022},
Volume = {119},
Number = {8},
Month = {FEB 22},
DOI = {10.1073/pnas.2114424119},
Article-Number = {e2114424119},
ISSN = {0027-8424},
EISSN = {1091-6490},
ResearcherID-Numbers = {Smith, Dean/B-4554-2018
   Luo, Kai/O-3048-2018
   Burnley, Pamela/C-4670-2013
   Duffy, Thomas/C-9140-2017
   },
ORCID-Numbers = {Smith, Dean/0000-0001-5491-747X
   Luo, Kai/0000-0002-3802-0029
   Burnley, Pamela/0000-0002-7388-0526
   Duffy, Thomas/0000-0002-5357-1259
   Miozzi Ferrini, Francesca Marta/0000-0001-8926-4122},
Unique-ID = {WOS:000766924200004},
}
﻿
@article{ WOS:000748065500006,
Author = {Zhang, Youjun and Luo, Kai and Hou, Mingqiang and Driscoll, Peter and
   Salke, Nilesh P. and Minar, Jan and Prakapenka, Vitali B. and Greenberg,
   Eran and Hemley, Russell J. and Cohen, R. E. and Lin, Jung-Fu},
Title = {Thermal conductivity of Fe-Si alloys and thermal stratification in
   Earth's core},
Journal = {PROCEEDINGS OF THE NATIONAL ACADEMY OF SCIENCES OF THE UNITED STATES OF
   AMERICA},
Year = {2022},
Volume = {119},
Number = {1},
Month = {JAN 4},
DOI = {10.1073/pnas.2119001119},
Article-Number = {e2119001119},
ISSN = {0027-8424},
EISSN = {1091-6490},
ResearcherID-Numbers = {Greenberg, Eran/P-8012-2018
   Minar, Jan/O-3186-2013
   Driscoll, Peter/X-7034-2019
   Lin, Jung-Fu/B-4917-2011
   Luo, Kai/O-3048-2018
   Zhang, Youjun/Q-2338-2017
   },
ORCID-Numbers = {Driscoll, Peter/0000-0001-6241-3925
   Lin, Jung-Fu/0000-0002-0163-5329
   Luo, Kai/0000-0002-3802-0029
   Hou, Mingqiang/0000-0001-7003-3025
   Zhang, Youjun/0000-0001-5340-4170},
Unique-ID = {WOS:000748065500006},
}
﻿
@article{ WOS:000674380900001,
Author = {Dufty, James and Wrighton, Jeffrey and Luo, Kai},
Title = {Local pressure for inhomogeneous fluids},
Journal = {AICHE JOURNAL},
Year = {2021},
Volume = {67},
Number = {10},
Month = {OCT},
DOI = {10.1002/aic.17323},
EarlyAccessDate = {JUL 2021},
Article-Number = {e17323},
ISSN = {0001-1541},
EISSN = {1547-5905},
ResearcherID-Numbers = {Luo, Kai/O-3048-2018
   },
ORCID-Numbers = {Luo, Kai/0000-0002-3802-0029
   Wrighton, Jeffrey/0000-0003-4696-5732},
Unique-ID = {WOS:000674380900001},
}
﻿
@article{ WOS:000585874200001,
Author = {Kang, Dongdong and Luo, Kai and Runge, Keith and Trickey, S. B.},
Title = {Two-temperature warm dense hydrogen as a test of quantum protons driven
   by orbital-free density functional theory electronic forces},
Journal = {MATTER AND RADIATION AT EXTREMES},
Year = {2020},
Volume = {5},
Number = {6},
Month = {NOV 1},
DOI = {10.1063/5.0025164},
Article-Number = {064403},
ISSN = {2468-2047},
EISSN = {2468-080X},
ResearcherID-Numbers = {Kang, Dongdong/HPF-5496-2023
   Luo, Kai/O-3048-2018
   },
ORCID-Numbers = {Kang, Dongdong/0000-0002-2986-5927
   Luo, Kai/0000-0002-3802-0029
   Trickey, S.B./0000-0001-9224-6304},
Unique-ID = {WOS:000585874200001},
}
﻿
@article{ WOS:000513211900001,
Author = {Luo, K. and Karasiev, V. V. and Trickey, S. B.},
Title = {Towards accurate orbital-free simulations: A generalized gradient
   approximation for the noninteracting free energy density functional},
Journal = {PHYSICAL REVIEW B},
Year = {2020},
Volume = {101},
Number = {7},
Month = {FEB 13},
DOI = {10.1103/PhysRevB.101.075116},
Article-Number = {075116},
ISSN = {2469-9950},
EISSN = {2469-9969},
ResearcherID-Numbers = {Karasiev, Valentin/AAA-3006-2019
   Luo, Kai/O-3048-2018
   },
ORCID-Numbers = {Karasiev, Valentin/0000-0003-3445-6797
   Luo, Kai/0000-0002-3802-0029
   Trickey, S.B./0000-0001-9224-6304},
Unique-ID = {WOS:000513211900001},
}
﻿
@article{ WOS:000443954800011,
Author = {Dufty, James and Luo, Kai and Trickey, S. B.},
Title = {Density response from kinetic theory and time-dependent
   density-functional theory for matter under extreme conditions},
Journal = {PHYSICAL REVIEW E},
Year = {2018},
Volume = {98},
Number = {3},
Month = {SEP 7},
DOI = {10.1103/PhysRevE.98.033203},
Article-Number = {033203},
ISSN = {2470-0045},
EISSN = {2470-0053},
ResearcherID-Numbers = {Luo, Kai/O-3048-2018
   },
ORCID-Numbers = {Luo, Kai/0000-0002-3802-0029
   Trickey, S.B./0000-0001-9224-6304},
Unique-ID = {WOS:000443954800011},
}
﻿
@article{ WOS:000439789000001,
Author = {Luo, Kai and Karasiev, Valentin V. and Trickey, S. B.},
Title = {A simple generalized gradient approximation for the noninteracting
   kinetic energy density functional},
Journal = {PHYSICAL REVIEW B},
Year = {2018},
Volume = {98},
Number = {4},
Month = {JUL 26},
DOI = {10.1103/PhysRevB.98.041111},
Article-Number = {041111},
ISSN = {2469-9950},
EISSN = {2469-9969},
ResearcherID-Numbers = {Karasiev, Valentin/AAA-3006-2019
   Luo, Kai/O-3048-2018
   Karasiev, Valentin V/J-2519-2012
   },
ORCID-Numbers = {Karasiev, Valentin/0000-0003-3445-6797
   Luo, Kai/0000-0002-3802-0029
   Karasiev, Valentin V/0000-0003-3445-6797
   Trickey, S.B./0000-0001-9224-6304},
Unique-ID = {WOS:000439789000001},
}
